@article{dw88,
title={{SMILES, a Chemical Language and Information System. 1. Introduction to
  Methodology and Encoding Rules}},
author={Weininger, D.},  
journal={J. Chem. Inf. Comput. Sci.},
volume={28},
pages={31--36},
year={1988}
}
@article{mmcl90,
title={{Corona Virus: Organization, Replication and Expression of Genome}},
author={Lai, M. M. C.},  
journal={Ann. Rev. Microbiol.},
volume={44},
pages={303--33},
year={1990}
}

@article{abh94,
title={{A New Generation of Information Retrieval Tools for Biologists: The
  Example of the ExPASy WWW Server}},
author={Appel, R. D. and Bairoch, A. and Hochstrasser, D. F.},  
journal={Trends Biochem. Sci.},
volume={19},
pages={258--60},
year={1994}
}

@article{mghhhbo98,
title={{Automated Docking Using a LamarckianGenetic Algorithm and an
  EmpiricalBinding Free Energy Function}},
author={Morris, G. M. and Goodsell, D. S. and Halliday, R. S. and Huey, R. and
  Hart, W. E. and Belew, R. K. and Olson, A. J.},  
journal={J. Comp. Chem.},
volume={19},
pages={1639--1662},
year={1998}
}

@article{azwmh03,
title={{Coronavirus Main Proteinase (3CL$^{pro}$) Structure: Basis for Design of
  Anti-SARS Drugs}},
author={Anand, K. and Ziebuhr, J. and Wadhwani, P. and Mesters, J. R. and
  Hilgenfeld, R.},  
journal={Science},
volume={300},
pages={1763--1767},
year={2003}
}

@article{nb09,
title={{QSAR of Aminopyrido[2,3-d]pyrimidin-7-yl Derivatives:
Anticancer Drug Design by Computed Descriptors}},
author={Nandi, S. and Bagchi, M. C.},  
journal={J. Enzym. Inhib. Med. Ch.},
volume={24},
pages={937--948},
year={2009}
}

@article{lhw03,
title={{A Major Outbreak of Severe Acute Respiratory Syndrome in Hong Kong}},
author={Lee, N. and Hui, D. and Wu, A. and Chan, P. and Cameron, P. and Joynt,
  G. M. and Ahuja, A. and Yung, M. Y. and Leung, C. B. and To, K. F. and Lui, S.
    F. and Szeto, C. C. and Chung, S. and Sung, J. J.},  
journal={N. Engl. J. Med.},
volume={348},
pages={1986--1994},
year={2003}
}

@article{tip03,
title={{Mechanisms and Enzymes Involved in SARS Coronavirus Genome Expression}},
author={Thiel, V. and Ivanov, K. A. and Putics, A. and Hertzig, T. and Schelle,
  B. and Bayer, S. and Weissbrich, B. and Snijder, E. J. and Rabenau, H. and
    Doerr, H. W. and Gorbalenya, A. E. and Ziebuhr, J.},  
journal={J. Gen. Virol.},
volume={84},
pages={2305--2315},
year={2003}
}

@article{kvh03,
title={{SARS Coronavirus: A New Challenge for Prevention and Therapy}},
author={Holmes, K. V.},  
journal={J. Clin. Invest.},
volume={111},
pages={1605--1609},
year={2003}
}

@article{mjahb03
title={{The Genome Sequence of the SARS-Associated Coronavirus}},
author={Marra, M. A. and  Jones, S. J. M. and Astell, C. R. and Holt, R. A. and
  Brooks-Wilson, A. and et. al.,},
journal={Science},
volume={300},
pages={1399--1404},
year={2003}
}

@article{romnci03,
title={{Characterization of a Novel Coronavirus Associated with Severe Acute
  Respiratory Syndrome}},
author={Rota, P. A. and Oberste, M. S. and Monroe, S. S. and Nix, W. A. and
  Campagnoli, R. and Icenogle, J. P. and et. al.,},  
journal={Science},
volume={300},
pages={1394--1399},
year={2003}
}

@article{plhfgtd03,
title={{Identification of Severe Acute Respiratory Syndrome in Canada}},
author={Poutanen, S. M. and Low, D. E. and Henry, B. and Finkelstein, S. and
  Rose, D. and Green, K. and Tellier, R. and Draker, R. and et. al.,},  
journal={N. Engl. J. Med.},
volume={348},
pages={1955--2005},
year={2003}
}

@article{tiph03,
title={{Mechanisms and Enzymes Involved in SARS Coronavirus Genome Expression}},
author={Thiel, V. and Ivanov, K. A. and Putics, A. and Hertzig, T. and Schelle,
  B. and Bayer, S. and Weissbrich, B. and et. al.,},  
journal={J. Gen. Virol.},
volume={84},
pages={2305--2315},
year={2003}
}

@article{yydl03,
title={{The Crystal Structures of Severe Acute Respiratory Syndrome Virus Main
  Protease and Its Complex with an Inhibitor}},
author={Yang, H. and Yang, M. and Ding, Y. and Liu, Y. and Lou, Z. and Zhou, Z.
  and Sun, L. and Mo, L. and Ye, S. and et. al.,},  
journal={Proc. Natl. Acad. Sci. U. S. A.},
volume={100},
pages={13190--13195},
year={2003}
}

@article{gzhl03,
title={{Isolation and Characterization of Viruses Related to the SARS
  Coronavirus from Animals in Southern China}},
author={Guan, Y. and Zheng, B. J. and He, Y. Q. and Liu, X. L. and Zhuang, Z. X.
  and Cheung, C. L. and Luo, S. W. and et. al.,},  
journal={Science},
volume={302},
pages={276--284},
year={2003}
}

@article{smeba03,
title={{SARS--Beginning to Understand a New Virus}},
author={Stadler, K. and Masignani, V. and Eickmann, M. and Becker, S. and
  Abrignani,  S. and Klenk, H. D. and Rappuoli, R.},  
journal={Nat. Rev. Microbiol.},
volume={1},
pages={209-227},
year={2003}
}

@article{mhkf03,
title={{Virology: SARS Virus Infection of Cats and Ferrets}},
author={Martina, B. E. and Haagmans, B. L. and Kuiken, T. and Fouchier, R. A.
  and Rimmelzwaan, G. F. and Amerongen V. G. and et. al.,},  
journal={Nature},
volume={425},
pages={915},
year={2003}
}

@article{fksv03,
title={{Aetiology: Koch's Postulates Fulfilled for SARS Virus}},
author={Fouchier, R. A. and, Kuiken, T. and Schutten, M.  and van Amerongen, G.
  and van Doornum, G. J. and van den Hoogen, B. G. and et. al.,},  
journal={Nature},
volume={423},
pages={240},
year={2003}
}

@article{pa04,
title={{Severe Acute Respiratory Syndrome: Review and Lessons of the 2003
  Outbreak}},
author={Parashar, U. D. and Anderson, L. J.},  
journal={Int. J. Epidemiol.},
volume={33},
pages={628--34},
year={2004}
}

@article{pghc04,
title={{UCSF Chimera--a Visualization System for Exploratory Research and
  Analysis}},
author={Pettersen, E. F. and Goddard, T. D. and Huang, C. C. and Couch, G. S.
  and Greenblatt, D. M. and Meng, E. C. and Ferrin, T. E.},  
journal={J. Comput. Chem.},
volume={25},
pages={1605--12},
year={2004}
}

@article{sv04,
title={{PRODRG: A Tool for High-Throughput Crystallography of Protein-Ligand
  Complexes}},
author={Schuttelkopf, A. W. and van Aalten, D. M.},  
journal={Acta. Crystallogr. D Biol. Crystallogr.},
volume={60},
pages={1355--63},
year={2004}
}

@article{sa05,
title={{Molecular Advances in the Cell Biology of SARS-CoV and Current Disease
  Prevention Strategies}},
author={Stark, C. J. and Atreya, C. D.},  
journal={Virol. J.},
volume={2},
pages={35},
year={2005}
}

@article{nskc05,
title={{Inhibition, Escape, and Attenuated Growth of Severe Acute Respiratory
  Syndrome Coronavirus Treated with Antisense Morpholino Oligomers}},
author={Neuman, B. W. and Stein, D. A. and Kroeker, A. D. and Churchill, M. J.
  and Kim, A. M. and Kahn, P. and Dawson, P. and Moulton, H. M. and Bestwick, R.
    K. and Iversen, P. L. and Buchmeier, M. J.},  
journal={J. Virol.},
volume={79},
pages={9665--9676},
year={2005}
}

@article{ghz05,
title={{Molecular Mechanisms of Severe Acute Respiratory Syndrome (SARS)}},
author={Groneberg, D. A. and Hilgenfeld, R. and Zabel, P.},  
journal={Respir. Res.},
volume={6},
pages={8},
year={2005}
}

@article{ambc05,
title={{RPBS: A Web Resource for Structural Bioinformatics}},
author={Alland, C. and Moreews, F. and Boens, D. and Carpentier, M. and Chiusa,
  S. and Lonquety, M. and Renault, N. and et. al.,},  
journal={Nucleic Acids Res.},
volume={33},
pages={W44-9},
year={2005}
}

@article{tcll06,
title={{Discovery of a Novel Family of SARS-CoV Protease Inhibitors by Virtual
  Screening and 3D-QSAR Studies}},
author={Tsai, K.C. and Chen, S.-Y. and Liang, P.-H. and Lu, I.-L. and Mahindroo,
  N. and Hsieh, H.-P. and Chao, Y.-S. and et. al.,},  
journal={J. Med. Chem.},
volume={49},
pages={3485--3495},
year={2006}
}

@article{wzdg06,
title={{Anti-SARS Drug Screening by Molecular Docking}},
author={Wei, D. Q. and Zhang, R. and Du, Q. S. and Gao, W. N. and Li, Y. and
  Gao, H. and et, al.,},  
journal={Amino Acids},
volume={31},
pages={73--80},
year={2006}
}

@article{acdlabs,
title={ACD Labs. “ACD ChemSketch.” ACD/ChemSketch 11.0 Freeware, 11.0,
  www.acdlabs.com/download/chemsk.html.},
}

@article{fkr07,
title={{Protease Inhibitors and Their Peptidomimetic Derivatives as Potential
  Drugs}},
author={Fear, G. and Komarnytsky, S. and Raskin, I.},  
journal={Pharmacol. Ther.},
volume={113},
pages={354--68},
year={2007}
}

@article{wlwc07,
title={{Discovery of Anti-Hiv Drugs Using Computer Aided Drug Designing Tools}},
author={Wang, J. F. and Li, L. and Wei, D. Q. and Chou, K. C.},  
journal={1st International Conference on Bioinformatics and Biomedical
  Engineering, Wuhan,},
pages={326--329},
year={2007},
note={doi: 10.1109/ICBBE.2007.87}
}
@article{phvk07,
    author={Plewczynski, D. and Hoffmann, M. and von Grotthuss, M. and
      Knizewski, L. and Rychewski, L. and Eitner, K. and Ginalski, K.},
      title={{Modelling of Potentially Promising SARS Protease Inhibitors}},
        journal={J. Phys.: Cond. Matt.},
          volume={19},
            number={28},
              pages={285207},
                  year={2007}
}
@book{ml05,
title={{Introduction to Bioinformatics}},
author={Lesk, M.},  
note={John Wiley $\&$ Sons, New York, Edn. 2},
year={2005}
}

@article{mgo05,
title={{Quantitative Structure-Activity Relationship Analysis of Pyridinone HIV-1
Reverse Transcriptase Inhibitors using the k Nearest Neighbor Method and
  QSAR-based Database Mining}},
author={Medina-Franco, J. L. and Golbraikh, A. and Oloff, S. and et. al.,},  
journal={J. Comput. Aided Mol. Des.},
volume={19},
pages={229},
year={2005}
}

@article{zler06,
title={{QSAR for Anti-Malarial Activity of 2-Aziridinyl and 2,3-Bis
(Aziridinyl)-1,4-Naphthoquinonyl Sulfonate and Acylate Derivatives}},
author={Zahouily, M. and Lazar, M. and Elmakssoudi, A. and Rakik, J. and
  Elaychi, S. and Rayadh, A.},  
journal={J Mol Model},
volume={12},
pages={398--405},
year={2006}
}

@article{bm06,
title={{Extracting the Significant Descriptors by 2D QSAR and Docking Efficiency
of NRTI drugs: A Molecular Modeling Approach}},
author={Banerjee, A. and Murty, U.},  
journal={The Internet J. Genomics and Proteomics},
volume={2},
pages={2},
year={2006}
}

@article{gumb08,
title={{QSAR Studies of 6-Amino Uracil Base Analogues: A Thymidine Phosphorylase
Inhibitor in Cancer Therapy}},
author={Gupta, S. P. B. N. and Upmanyu, N. and Moorthy, N. S. H. N. and
  Bhattacharya, S.},  
journal={E-Journal of Chemistry,},
volume={5},
pages={185-186},
year={2008}
}

@article{sgps08,
title={{Molecular Docking Studies on
  Tetrahydroimidazo-[4,5,1-jk][1,4]-Benzodiazepinone (TIBO) Derivatives as HIV-1
NNRT Inhibitors}},
author={Sapre, N. S. and Gupta, S. and Pancholi, N. and Sapre, N.},  
journal={J. Comput. Aided Mol. Des.},
volume={22},
pages={69--80},
year={2008}
}

@article{kl15,
title={{Characterization and Inhibition of the Main Protease of
Severe Acute Respiratory Syndrome Coronavirus}},
author={Kuo, C. J. and Liang, P. H.},  
journal={ChemBioEng Rev.},
volume={2},
pages={118--132},
year={2015}
}

@article{pmnhj16,
title={{An
Pverview of Severe Acute Respiratory Syndrome-Coronavirus (SARS-CoV) 3CL
Protease Inhibitors: Peptidomimetics and Small Molecule Chemotherapy}},
author={Pillaiyar, T. and Manickam, M. and Namasivayam, V. and Hayashi, Y. and Jung, S. H.},  
journal={J. Med. Chem.},
volume={59},
pages={6595--6628},
year={2016}
}

@article{hp13,
title={{From SARS to MERS: 10 Years of Research on Highly
Pathogenic Human Coronaviruses}},
author={Hilgenfeld, R. and Peiris, M.},  
journal={Antivir. Res.},
volume={100},
pages={286--295},
year={2013}
}

@article{kjl13,
title={Anti-SARS coronavirus agents: a patent review
(2008-present)},
author={Kumar, V. and Jung, Y.S. and Liang, P.H.},  
journal={Expert Opin. Ther. Pat.},
volume={23},
pages={1337--1348},
year={2013}
}

@article{rtl11,
title={{Recent Development of 3C and 3CL
Protease Inhibitors for Anti-Coronavirus and Anti-Picornavirus Drug Discovery}},
author={Ramajayam, R. and Tan, K.P. and Liang, P.H.},  
journal={Biochem. Soc. Trans.},
volume={39},
pages={1371--1375},
year={2011}
}

@article{trt09,
title={{Therapies for Coronaviruses. Part 2: Inhibitors of Intracellular Life
Cycle}},
author={Tong, T. R.},  
journal={Expert Opin. Ther. Pat.},
volume={19},
pages={415--431},
year={2009}
}

@article{,
title={},
author={},  
journal={},
volume={},
pages={},
year={}
}

@article{,
title={},
author={},  
journal={},
volume={},
pages={},
year={}
}

@article{,
title={},
author={},  
journal={},
volume={},
pages={},
year={}
}

@article{,
title={},
author={},  
journal={},
volume={},
pages={},
year={}
}

@article{,
title={},
author={},  
journal={},
volume={},
pages={},
year={}
}

@article{,
title={},
author={},  
journal={},
volume={},
pages={},
year={}
}

@article{,
title={},
author={},  
journal={},
volume={},
pages={},
year={}
}

@article{,
title={},
author={},  
journal={},
volume={},
pages={},
year={}
}

@article{,
title={},
author={},  
journal={},
volume={},
pages={},
year={}
}

@article{,
title={},
author={},  
journal={},
volume={},
pages={},
year={}
}

